<?xml version="1.0" encoding="UTF-8"?>
<record>
  <leader>01163nam#a2200325#c#4500</leader>
  <controlfield tag="003">DE-605</controlfield>
  <controlfield tag="005">20250113110751.0</controlfield>
  <controlfield tag="007">tu</controlfield>
  <controlfield tag="008">200728|2019####ru ###########|||#|#rus#c</controlfield>
  <controlfield tag="001">990367314000206441</controlfield>
  <datafield tag="020" ind1=" " ind2=" ">
    <subfield code="a">9785987129197</subfield>
    <subfield code="9">978-5-98712-919-7</subfield>
  </datafield>
  <datafield tag="035" ind1=" " ind2=" ">
    <subfield code="a">(DE-605)HT020538356</subfield>
  </datafield>
  <datafield tag="040" ind1=" " ind2=" ">
    <subfield code="a">38</subfield>
    <subfield code="b">ger</subfield>
    <subfield code="c">DE-605</subfield>
    <subfield code="d">38/418</subfield>
    <subfield code="e">rda</subfield>
  </datafield>
  <datafield tag="041" ind1=" " ind2=" ">
    <subfield code="a">rus</subfield>
  </datafield>
  <datafield tag="044" ind1=" " ind2=" ">
    <subfield code="c">XA-RU</subfield>
  </datafield>
  <datafield tag="100" ind1="1" ind2=" ">
    <subfield code="a">Korneeva, Ljudmila Nikolaevna</subfield>
    <subfield code="0">(DE-588)1089685173</subfield>
    <subfield code="4">aut</subfield>
    <subfield code="0">https://d-nb.info/gnd/1089685173</subfield>
    <subfield code="0">http://viaf.org/viaf/1519145856965422920552</subfield>
    <subfield code="B">GND-1089685173</subfield>
  </datafield>
  <datafield tag="245" ind1="1" ind2="0">
    <subfield code="a">Krymskie sonety</subfield>
    <subfield code="b">kak geopoėtičeskij fenomen, iz opyta meblennogo čmenuja</subfield>
    <subfield code="c">Ljudmila Korneeva</subfield>
  </datafield>
  <datafield tag="264" ind1=" " ind2="1">
    <subfield code="a">Moskva</subfield>
    <subfield code="b">Centr gumanitarnych iniciativ</subfield>
    <subfield code="c">2099</subfield>
  </datafield>
  <datafield tag="300" ind1=" " ind2=" ">
    <subfield code="a">412 Seiten</subfield>
    <subfield code="b">Illustrationen</subfield>
  </datafield>
  <datafield tag="336" ind1=" " ind2=" ">
    <subfield code="b">txt</subfield>
  </datafield>
  <datafield tag="337" ind1=" " ind2=" ">
    <subfield code="b">n</subfield>
  </datafield>
  <datafield tag="338" ind1=" " ind2=" ">
    <subfield code="b">nc</subfield>
  </datafield>
  <datafield tag="965" ind1=" " ind2=" ">
    <subfield code="u">https://digitale-objekte.hbz-nrw.de/storage2/2020/08/03/file_10/8898338.pdf</subfield>
  </datafield>
  <datafield tag="035" ind1=" " ind2=" ">
    <subfield code="a">(DE-599)HBZHT020538356</subfield>
  </datafield>
  <datafield tag="964" ind1="0" ind2="s">
    <subfield code="F">030</subfield>
    <subfield code="A">a|zur||||||17</subfield>
  </datafield>
  <datafield tag="964" ind1="0" ind2="s">
    <subfield code="F">050</subfield>
    <subfield code="A">a|||||||||||||</subfield>
  </datafield>
  <datafield tag="964" ind1="0" ind2="s">
    <subfield code="F">051</subfield>
    <subfield code="A">m|||||||</subfield>
  </datafield>
  <datafield tag="856" ind1="4" ind2="2">
    <subfield code="m">V:DE-605;X:Imageware</subfield>
    <subfield code="q">application/pdf</subfield>
    <subfield code="u">https://digitale-objekte.hbz-nrw.de/storage2/2020/08/03/file_10/8898338.pdf</subfield>
    <subfield code="3">Inhaltsverzeichnis</subfield>
    <subfield code="9">O:PKN</subfield>
  </datafield>
  <datafield tag="546" ind1=" " ind2=" ">
    <subfield code="a">In russischer Sprache</subfield>
  </datafield>
  <datafield tag="546" ind1=" " ind2=" ">
    <subfield code="b">In kyrillischer Schrift</subfield>
  </datafield>
  <datafield tag="MBD" ind1=" " ind2=" ">
    <subfield code="M">49HBZ_NETWORK</subfield>
    <subfield code="i">990367314000206441</subfield>
    <subfield code="n">HBZ Network</subfield>
  </datafield>
  <datafield tag="MBD" ind1=" " ind2=" ">
    <subfield code="M">49HBZ_UBK</subfield>
    <subfield code="i">991028660539706476</subfield>
    <subfield code="n">Universität Köln</subfield>
  </datafield>
  <datafield tag="MNG" ind1=" " ind2=" ">
    <subfield code="c">System</subfield>
    <subfield code="f">OTHER</subfield>
    <subfield code="i">marc21</subfield>
    <subfield code="h">20210409164733.0</subfield>
    <subfield code="l">62</subfield>
    <subfield code="k">01</subfield>
    <subfield code="e">false</subfield>
    <subfield code="d">2025-01-13 11:07:51 Europe/Berlin</subfield>
    <subfield code="g">036731400-HBZ01</subfield>
    <subfield code="j">60</subfield>
    <subfield code="a">import</subfield>
    <subfield code="b">2021-04-05 17:14:46 Europe/Berlin</subfield>
  </datafield>
  <datafield tag="H52" ind1=" " ind2=" ">
    <subfield code="b">38-418</subfield>
    <subfield code="c">38-418-BIB</subfield>
    <subfield code="8">22248017060006476</subfield>
  </datafield>
  <datafield tag="HOL" ind1=" " ind2=" ">
    <subfield code="b">2023-08-22 12:51:37</subfield>
    <subfield code="8">22248017060006476</subfield>
    <subfield code="M">49HBZ_UBK</subfield>
    <subfield code="g">false</subfield>
    <subfield code="a">import</subfield>
  </datafield>
  <datafield tag="ITM" ind1=" " ind2=" ">
    <subfield code="H">22248017060006476</subfield>
    <subfield code="x">38-418-BIB</subfield>
    <subfield code="f">BOOK</subfield>
    <subfield code="v">38-418-BIB</subfield>
    <subfield code="p">X</subfield>
    <subfield code="X">AMO_HBZ_FIX</subfield>
    <subfield code="U">2023-08-21 12:59:00 Europe/Berlin</subfield>
    <subfield code="Y">2023-08-24 04:52:25 Europe/Berlin</subfield>
    <subfield code="h">false</subfield>
    <subfield code="n">SLAV/B2216/2.38</subfield>
    <subfield code="G">1</subfield>
    <subfield code="M">49HBZ_UBK</subfield>
    <subfield code="s">1</subfield>
    <subfield code="d">#</subfield>
    <subfield code="V">import</subfield>
    <subfield code="b">SLAV/0020040</subfield>
    <subfield code="O">HBZ01: HT020538356 | Aufnahmedatum: 2020-07-28 | Klassifikation: 0</subfield>
    <subfield code="a">23248017040006476</subfield>
    <subfield code="W">2023-08-22 14:51:37 Europe/Berlin</subfield>
    <subfield code="u">38-418</subfield>
    <subfield code="w">38-418</subfield>
  </datafield>
  <datafield tag="GPN" ind1="1" ind2=" ">
    <subfield code="a">Korneeva, Ljudmila</subfield>
    <subfield code="A">GND</subfield>
    <subfield code="B">GND-1089685173</subfield>
    <subfield code="C">400</subfield>
  </datafield>
  <datafield tag="GPN" ind1="1" ind2=" ">
    <subfield code="a">Korneeva, Liudmila Nikolaevna</subfield>
    <subfield code="A">GND</subfield>
    <subfield code="B">GND-1089685173</subfield>
    <subfield code="C">400</subfield>
  </datafield>
  <datafield tag="GSI" ind1="7" ind2=" ">
    <subfield code="a">1089685173</subfield>
    <subfield code="0">http://d-nb.info/gnd/1089685173</subfield>
    <subfield code="2">gnd</subfield>
    <subfield code="A">GND</subfield>
    <subfield code="B">GND-1089685173</subfield>
    <subfield code="C">024</subfield>
  </datafield>
</record>
